@article{johnson2016,
  title = {MIMIC-III, A Freely Accessible Critical Care Database},
  author = {Johnson, Alistair EW and Pollard, Tom J and Shen, Lu and Li-wei, H Lehman and Feng, Mengling and Ghassemi, Mohammad and Moody, Benjamin and Szolovits, Peter and Celi, Leo Anthony and Mark, Roger G},
  journal = {Scientific Data},
  volume = {3},
  pages = {160035},
  year = {2016},
  publisher = {Nature Publishing Group}
}

@article{pollard2018,
  title = {The eICU Collaborative Research Database, A Freely Available Multi-Center Database for Critical Care Research},
  author = {Pollard, Tom J and Johnson, Alistair EW and Raffa, Jesse D and Celi, Leo A and Mark, Roger G and Badawi, Omar},
  journal = {Scientific Data},
  volume = {5},
  pages = {180178},
  year = {2018},
  publisher = {Nature Publishing Group}
}

@misc{faltys2021,
  author = {Faltys, Martin and Zimmermann, Marc and Lyu, Xinrui and Hüser, Matthias and Hyland, Stephanie L. and Rätsch, Gunnar and Merz, Tobias M.},
  year = {2021},
  title = {HiRID, A High Time-Resolution ICU Dataset (Version 1.1.1)},
  howpublished = {PhysioNet}
}

@misc{johnson2021,
  author = {Johnson, Alistair and Bulgarelli, Lucas and Pollard, Tom and Horng, Steven and Celi, Leo Anthony and Roger Mark},
  year = {2021},
  title = {MIMIC-IV (Version 1.0)},
  howpublished = {PhysioNet}
}

@article{fleuren2019,
  author = {Fleuren, Lucas M and Klausch, Thomas L T and Zwager, Charlotte L and Schoonmade, Linda J and Guo, Tingjie and Roggeveen, Luca F and Swart, Eleonora L and Girbes, Armand R J and Thoral, Patrick and Ercole, Ari and Hoogendoorn, Mark and Elbers, Paul W G},
  journal = {Intensive Care Medicine},
  number = {3},
  pages = {383--400},
  title = {Machine Learning for the Prediction of Sepsis: A Systematic Review and Meta-Analysis of Diagnostic Test Accuracy},
  volume = {46},
  year = {2020},
  publisher = {Springer-Verlag}
}

@inproceedings{adibuzzaman2016,
  title = {Closing the Data Loop: An Integrated Open Access Analysis Platform for the MIMIC Database},
  author = {Adibuzzaman, Mohammad and Musselman, Ken and Johnson, Alistair and Brown, Paul and Pitluk, Zachary and Grama, Ananth},
  booktitle = {2016 Computing in Cardiology Conference (CinC)},
  pages = {137--140},
  year = {2016},
  publisher = {Institute of Electrical and Electronics Engineers}
}

@inproceedings{wang2020,
  title = {MIMIC-Extract: A Data Extraction, Preprocessing, and Representation Pipeline for MIMIC-III},
  author = {Wang, Shirly and McDermott, Matthew BA and Chauhan, Geeticka and Ghassemi, Marzyeh and Hughes, Michael C and Naumann, Tristan},
  booktitle = {Proceedings of the ACM Conference on Health, Inference, and Learning},
  pages = {222--235},
  year = {2020},
  publisher = {Association for Computing Machinery}
}

@article{evans2016,
  title = {Electronic Health Records: Then, Now, and in the Future},
  author = {Evans, R. Scott},
  journal = {Yearbook of Medical Informatics},
  volume = {25},
  number = {S 01},
  pages = {48--61},
  year = {2016},
  publisher = {Georg Thieme Verlag KG},
  address = {Stuttgart}
}

@article{jiang2017,
  title = {Artificial Intelligence in Healthcare: Past, Present and Future},
  author = {Jiang, Fei and Jiang, Yong and Zhi, Hui and Dong, Yi and Li, Hao and Ma, Sufeng and Wang, Yilong and Dong, Qiang and Shen, Haipeng and Wang, Yongjun},
  journal = {Stroke and Vascular Neurology},
  volume = {2},
  number = {4},
  pages = {230--243},
  year = {2017},
  publisher = {BMJ Group}
}

@article{desautels2016,
  title = {Prediction of Sepsis in the Intensive Care Unit with Minimal Electronic Health Record Data: A Machine Learning Approach},
  author = {Desautels, Thomas and Calvert, Jacob and Hoffman, Jana and Jay, Melissa and Kerem, Yaniv and Shieh, Lisa and Shimabukuro, David and Chettipally, Uli and Feldman, Mitchell D and Barton, Chris and others},
  journal = {JMIR Medical Informatics},
  volume = {4},
  number = {3},
  pages = {e28},
  year = {2016},
  publisher = {JMIR Publications}
}

@article{nemati2018,
  title = {An Interpretable Machine Learning Model for Accurate Prediction of Sepsis in the ICU.},
  author = {Nemati, Shamim and Holder, Andre and Razmi, Fereshteh and Stanley, Matthew D and Clifford, Gari D and Buchman, Timothy G},
  journal = {Critical Care Medicine},
  volume = {46},
  number = {4},
  pages = {547--553},
  year = {2018},
  publisher = {Lippincott Williams & Wilkins}
}

@misc{futoma2017,
  title = {An Improved Multi-Output Gaussian Process RNN With Real-Time Validation for Early Sepsis Detection},
  author = {Futoma, Joseph and Hariharan, Sanjay and Sendak, Mark and Brajer, Nathan and Clement, Meredith and Bedoya, Armando and O'Brien, Cara and Heller, Katherine},
  note = {arXiv:1708.05894},
  year = {2017}
}

@article{kam2017,
  title = {Learning Representations for the Early Detection of Sepsis With Deep Neural Networks},
  author = {Kam, Hye Jin and Kim, Ha Young},
  journal = {Computers in Biology and Medicine},
  volume = {89},
  pages = {248--255},
  year = {2017},
  publisher = {Elsevier}
}

@article{haas2016,
  title = {Severe Hyperlactatemia, Lactate Clearance and Mortality in Unselected Critically Ill Patients},
  author = {Haas, Sebastian A and Lange, Theresa and Saugel, Bernd and Petzoldt, Martin and Fuhrmann, Valentin and Metschke, Maria and Kluge, Stefan},
  journal = {Intensive Care Medicine},
  volume = {42},
  number = {2},
  pages = {202--210},
  year = {2016},
  publisher = {Springer-Verlag}
}

@article{nichol2011,
  title = {Dynamic Lactate Indices as Predictors of Outcome in Critically Ill Patients},
  author = {Nichol, Alistair and Bailey, Michael and Egi, Moritoki and Pettila, Ville and French, Craig and Stachowski, Edward and Reade, Michael C and Cooper, David James and Bellomo, Rinaldo},
  journal = {Critical Care},
  volume = {15},
  number = {5},
  pages = {R242},
  year = {2011},
  publisher = {Springer-Verlag}
}

@article{van2013,
  title = {Cumulative Lactate and Hospital Mortality in ICU Patients},
  author = {Van Beest, Paul A and Brander, Lukas and Jansen, Sebastiaan PA and Rommes, Johannes H and Kuiper, Micha{\"e}l A and Spronk, Peter E},
  journal = {Annals of Intensive Care},
  volume = {3},
  number = {1},
  pages = {6},
  year = {2013},
  publisher = {Springer-Verlag}
}

@misc{vincent1996,
  title = {The SOFA (Sepsis-Related Organ Failure Assessment) Score to Describe Organ Dysfunction/Failure},
  author = {Vincent, J-L and Moreno, Rui and Takala, Jukka and Willatts, Sheila and De Mendon{\c{c}}a, Arnaldo and Bruining, Hajo and Reinhart, CK and Suter, PeterM and Thijs, Lambertius G},
  journal = {Intensive Care Medicine},
  number = {7},
  pages = {707--710},
  volume = {22},
  year = {1996},
  publisher = {Springer-Verlag}
}

@book{therneau2000,
  title = {Modeling Survival Data: Extending the Cox Model},
  author = {Therneau, Terry M and Grambsch, Patricia M},
  year = {2000},
  publisher = {Springer-Verlag},
  address = {New York}
}

@Manual{therneau2015,
  title = {A Package for Survival Analysis in \proglang{R}},
  author = {Terry M Therneau},
  year = {2021},
  note = {\proglang{R} package version 3.2-11},
  url = {https://CRAN.R-project.org/package=survival},
}

@inproceedings{wang2018,
  author = {R. Z. {Wang} and C. H. {Sun} and P. H. {Schroeder} and M. K. {Ameko} and C. C. {Moore} and L. E. {Barnes}},
  booktitle = {2018 IEEE International Conference on Healthcare Informatics (ICHI)},
  title = {Predictive Models of Sepsis in Adult ICU Patients},
  year = {2018},
  pages = {390--391},
  publisher = {Institute of Electrical and Electronics Engineers}
}

@article{johnson2018,
  author = {Johnson, Alistair E. W.
  and Aboab, Jerome
  and Raffa, Jesse D.
  and Pollard, Tom J.
  and Deliberato, Rodrigo O.
  and Celi, Leo A.
  and Stone, David J.},
  title = {A Comparative Analysis of Sepsis Identification Methods in an Electronic Database},
  journal = {Critical Care Medicine},
  year = {2018},
  month = {Apr},
  volume = {46},
  number = {4},
  pages = {494--499},
  publisher = {Lippincott Williams & Wilkins}
}

@article{thoral2021,
  author = {Thoral, Patrick J and Peppink, Jan M and Driessen, Ronald H and Sijbrands, Eric J G and Kompanje, Erwin J O and Kaplan, Lewis and Bailey, Heatherlee and Kesecioglu, Jozef and Cecconi, Maurizio and Churpek, Matthew and Clermont, Gilles and van der Schaar, Mihaela and Ercole, Ari and Girbes, Armand R J and Elbers, Paul W G and on behalf of the Amsterdam University Medical Centers Database (AmsterdamUMCdb) Collaborators and the SCCM/ESICM Joint Data Science Task Force},
  journal = {Critical Care Medicine},
  title = {Sharing ICU Patient Data Responsibly Under the Society of Critical Care Medicine/European Society of Intensive Care Medicine Joint Data Science Collaboration: The Amsterdam University Medical Centers Database (AmsterdamUMCdb) Example},
  volume = {Latest Articles},
  year = {2021},
  publisher = {Lippincott Williams & Wilkins}
}

@inproceedings{moody1996,
  author = {G. B. {Moody} and R. G. {Mark}},
  booktitle = {Computers in Cardiology},
  title = {A Database to Support Development and Evaluation of Intelligent Intensive Care Monitoring},
  year = {1996},
  pages = {657--660},
  publisher = {Institute of Electrical and Electronics Engineers}
}

@inproceedings{lee2011,
  author = {Lee, Joon and Scott, Daniel and Villarroel, Mauricio and Clifford, Gari and Saeed, Mohammed and Mark, Roger},
  year = {2011},
  month = {08},
  pages = {8315--8},
  title = {Open-access MIMIC-II Database for Intensive Care Research},
  volume = {2011},
  booktitle = {Annual International Conference of the IEEE Engineering in Medicine and Biology Society},
  publisher = {Institute of Electrical and Electronics Engineers}
}

@article{goldberger2000,
  author = {Ary L. Goldberger  and Luis A. N. Amaral  and Leon Glass  and Jeffrey M. Hausdorff  and Plamen Ch. Ivanov  and Roger G. Mark  and Joseph E. Mietus  and George B. Moody  and Chung-Kang Peng  and H. Eugene Stanley },
  title = {PhysioBank, PhysioToolkit and PhysioNet},
  journal = {Circulation},
  volume = {101},
  number = {23},
  pages = {e215-e220},
  year = {2000},
  publisher = {Lippincott Williams & Wilkins}
}

@article{hyland2020,
  author = {Hyland, Stephanie L and Faltys, Martin and H{\"{u}}ser, Matthias and Lyu, Xinrui and Gumbsch, Thomas and Esteban, Crist{\'{o}}bal and Bock, Christian and Horn, Max and Moor, Michael and Rieck, Bastian and Zimmermann, Marc and Bodenham, Dean and Borgwardt, Karsten and R{\"{a}}tsch, Gunnar and Merz, Tobias M},
  journal = {Nature Medicine},
  number = {3},
  pages = {364--373},
  title = {Early Prediction of Circulatory Failure in the Intensive Care Unit Using Machine Learning},
  volume = {26},
  year = {2020},
  publisher = {Nature Publishing Group}
}

@article{singer2016,
  author = {Singer, Mervyn and Deutschman, Clifford S and Seymour, Christopher Warren and Shankar-Hari, Manu and Annane, Djillali and Bauer, Michael and Bellomo, Rinaldo and Bernard, Gordon R and Chiche, Jean-Daniel and Coopersmith, Craig M and Hotchkiss, Richard S and Levy, Mitchell M and Marshall, John C and Martin, Greg S and Opal, Steven M and Rubenfeld, Gordon D and van der Poll, Tom and Vincent, Jean-Louis and Angus, Derek C},
  journal = {JAMA},
  month = {feb},
  number = {8},
  pages = {801--810},
  title = {The Third International Consensus Definitions for Sepsis and Septic Shock (Sepsis-3)},
  volume = {315},
  year = {2016},
  publisher = {American Medical Association}
}

@misc{ooms2014,
  title = {The \pkg{jsonlite} Package: A Practical and Consistent Mapping Between JSON Data and \proglang{R} Objects},
  author = {Jeroen Ooms},
  year = {2014},
  note = {arXiv:1403.2805},
}

@manual{hester2020,
  title = {\pkg{readr}: Read Rectangular Text Data},
  author = {Hadley Wickham and Jim Hester},
  year = {2020},
  note = {\proglang{R} package version 1.4.0},
  url = {https://CRAN.R-project.org/package=readr}
}

@manual{klik2020,
  title = {\pkg{fst}: Lightning Fast Serialization of Data Frames},
  author = {Mark Klik},
  year = {2020},
  note = {\proglang{R} package version 0.9.4},
  url = {https://CRAN.R-project.org/package=fst}
}

@manual{bennett2021,
  title = {\pkg{prt}: Tabular Data Backed by Partitioned 'fst' Files},
  author = {Nicolas Bennett},
  year = {2021},
  note = {\proglang{R} package version 0.1.3},
  url = {https://CRAN.R-project.org/package=prt}
}

@manual{wickham2020,
  title = {\pkg{rlang}: Functions for Base Types and Core \proglang{R} and 'Tidyverse' Features},
  author = {Lionel Henry and Hadley Wickham},
  year = {2020},
  note = {\proglang{R} package version 0.4.9},
  url = {https://CRAN.R-project.org/package=rlang}
}

@article{villar2013,
  author = {Villar, Jes{\'{u}}s and P{\'{e}}rez-M{\'{e}}ndez, Lina and Blanco, Jes{\'{u}}s and A{\~{n}}{\'{o}}n, Jos{\'{e}} Manuel and Blanch, Llu{\'{i}}s and Belda, Javier and Santos-Bouza, Antonio and Fern{\'{a}}ndez, Rosa Lidia and Kacmarek, Robert M and {Spanish Initiative for Epidemiology and Therapies for ARDS (SIESTA) Network}, Stratification},
  journal = {Intensive Care Medicine},
  number = {4},
  pages = {583--592},
  title = {A Universal Definition of ARDS: The PaO2/FiO2 Ratio Under a Standard Ventilatory Setting — A Prospective, Multicenter Validation Study},
  volume = {39},
  year = {2013},
  publisher = {Springer-Verlag}
}

@article{bone1992,
  title = "The ACCP-SCCM Consensus Conference on Sepsis and Organ Failure",
  journal = "Chest",
  volume = "101",
  number = "6",
  pages = "1481--1483",
  year = "1992",
  author = "Roger C. Bone and William J. Sibbald and Charles L. Sprung",
  publisher = {Elsevier}
}
@article {jones2012,
  author = {Jones, Mike},
  title = {NEWSDIG: The National Early Warning Score Development and Implementation Group},
  volume = {12},
  number = {6},
  pages = {501--503},
  year = {2012},
  doi = {10.7861/clinmedicine.12-6-501},
  publisher = {Royal College of Physicians},
  journal = {Clinical Medicine}
}

@article{subbe2001,
  author = {Subbe, C.P. and Kruger, M. and Rutherford, P. and Gemmel, L.},
  title = "{Validation of a Modified Early Warning Score in Medical Admissions}",
  journal = {QJM: An International Journal of Medicine},
  volume = {94},
  number = {10},
  pages = {521--526},
  year = {2001},
  month = {10},
  publisher = {Oxford University Press}
}

@article{pebesma2016,
  title = {Measurement Units in \proglang{R}},
  author = {Edzer Pebesma and Thomas Mailund and James Hiebert},
  year = {2016},
  journal = {R Journal},
  doi = {10.32614/RJ-2016-061},
  pages = {486--494},
  volume = {8},
  number = {2},
}

@article{wong2021,
  author = {Wong, Andrew and Otles, Erkin and Donnelly, John P. and Krumm, Andrew and McCullough, Jeffrey and DeTroyer-Cooley, Olivia and Pestrue, Justin and Phillips, Marie and Konye, Judy and Penoza, Carleen and Ghous, Muhammad and Singh, Karandeep},
  title = "{External Validation of a Widely Implemented Proprietary Sepsis Prediction Model in Hospitalized Patients}",
  journal = {JAMA Internal Medicine},
  year = {2021},
  publisher = {American Medical Association}
}

@article{pickering2013,
  title={Data Utilization for Medical Decision Making at the Time of Patient Admission to ICU},
  author={Pickering, Brian W and Gajic, Ognjen and Ahmed, Adil and Herasevich, Vitaly and Keegan, Mark T},
  journal={Critical Care Medicine},
  volume={41},
  number={6},
  pages={1502--1510},
  year={2013},
  publisher = {Lippincott Williams & Wilkins}
}
